
%% End of file `jfm2esam.bib'.
@article{Li2022model, 
    title={Centre of mass location, flight modes, stability and dynamic modelling of gliders}, 
    volume={937}, 
    DOI={10.1017/jfm.2022.89}, 
    journal={Journal of Fluid Mechanics}, 
    author={Li, Huilin and Goodwill, Tristan and Jane Wang, Z. and Ristroph, Leif}, 
    year={2022}, 
    pages={A6}
} 

@article{andersen2005analysis,
  title={Analysis of transitions between fluttering, tumbling and steady descent of falling cards},
  author={Andersen, Anders and Pesavento, Umberto and Wang, Z Jane},
  journal={Journal of Fluid Mechanics},
  volume={541},
  pages={91--104},
  year={2005},
  publisher={Cambridge University Press}
}


@phdthesis{certini2023alsomitra,
  title        = {The flight of Alsomitra macrocarpa},
  author       = {Certini, Daniele},
  year         = 2023,
  month        = {February},
  school       = {University of Edinburgh},
  type         = {PhD thesis}
}

@article{mixed_derivatives,
  title={Computing Mixed Derivatives by Finite Differences},
  author={Holoborodko, Pavel},
  year={2014}
}
